@article{Chang2016,
title = "Momentum-resolved Observation of Thermal and Quantum Depletion in a Bose Gas",
author = "R. Chang and Q. Bouton and H. Cayla and C. Qu and A. Aspect and C. I. Westbrook and D. Cl\'{e}ment",
journal = "Physical Review Letters",
issue = "117",
year = "2016"
}

@article{Makotyn2014,
title = "Universal dynamics of a degenerate unitary Bose gas",
author = "P. Makotyn and C.E. Klauss and D.L. Goldberger and E.A. Cornell and D. S. Jin",
journal="Nature Physics",
issue = "10",
year = "2014"
}

@article{Muller2012,
title = "Condensate deformation and quantum depletion of Bose-Einsten condensates in external potentials",
author = "C A Muller and C Gaul",
journal = "arxiv",
year = "2012"
}

@article{Sirjean,
title = "Ionization rates in a Bose-Einstein condensate of Metastable Helium",
author = "O. Sirjean and S. Seidelin and J. Viana Gomes and D. Boiron and C. I. Westbrook and A. Aspect and G. V. Shlyapnikov",
journal = "Physical Review Letters",
year = "2002",
issue = "89"
}

@article{Lopes2017,
title = "Quantum Depletion of a Homogeneous Bose-Einstein Condensate",
author = "R. Lopes and C. Eigen and N. Navon and D. Clement and R. P. Smith and Z Hadzibabic",
journal = "Physical Review Letters",
year = "2017",
issue = "119"
}

@book{PSText,
title = "Bose-Einstein Condensation",
author = "L Pitaevskii and S Stringari",
publisher = "Oxford University Publications",
year = "2003"}

@article{Qu2016,
title = "Expansion of harmonically trapped interacting particles and time dependence of the contact",
author = "C. Qu and L. Pitaevskii and S. Stringari",
journal = "ArXiV",
year = "2016"}

@article{Vassen2012,
title = "Cold and trapped metastable noble gases",
author = "W. Vassen and C. Cohen-Tannoudji and M Leduc and D Boiron and C I. Westbrook and A Truscott and K Baldwin and G Birkl and P Cancio and and M Trippenbach",
year = "2012",
journal = "Reviews of Modern Physics",
issue = "84"
}

@article{Clauset2009,
author = "A. Clauset and C. Shalizi and M. Newman",
title = "Power-law distributions in empirical data",
journal = "SIAM Review",
volume = "51",
issue = "4",
year = "2009"}

@article{Dall2007,
title="Bose-Einstein Condensation of metastable helium in a bi-planar quadrupole Ioffe configuration trap",
author = "R. G. Dall and A. G. Truscott",
year = "2007",
journal = "Optics Communications",
volume = "270",
issue = "2"}

@article{Manning2010,
title = "The Hanbury Brown-Twiss effect in a pulsed atom laser",
author = "A. G. Manning and S. S. Hodgman and R. G. Dall and M. T. Johnsson and A. G. Truscott",
year = "2010",
journal = "Optics Express",
volume = "18"}