@article{Makotyn,
title = "Universal dynamics of a degenerate unitary Bose gas",
author = "P. Makotyn and C.E. Klauss and D.L. Goldberger and E.A. Cornell and D. S. Jin",
journal="Nature Physics",
issue = "10",
year = "2014"
}

@article{Muller,
title = "Condensate deformation and quantum depletion of Bose-Einsten condensates in external potentials",
author = "C A Muller and C Gaul",
journal = "arxiv",
year = "2012"
}

@article{Sirjean,
title = "Ionization rates in a Bose-Einstein condensate of Metastable Helium",
author = "O. Sirjean and S. Seidelin and J. Viana Gomes and D. Boiron and C. I. Westbrook and A. Aspect and G. V. Shlyapnikov",
journal = "Physical Review Letters",
year = "2002",
issue = "89"
}

@article{Lopes,
title = "Quantum Depletion of a Homogeneous Bose-Einstein Condensate",
author = "R. Lopes and C. Eigen and N. Navon and D. Clement and R. P. Smith and Z Hadzibabic",
journal = "Physical Review Letters",
year = "2017",
issue = "119"
}

@book{PSText,
title = "Bose-Einstein Condensation",
author = "L Pitaevskii and S Stringari",
publisher = "Oxford University Publications",
year = "2003"}

@article{Qu,
title = "Expansion of harmonically trapped interacting particles and time dependence of the contact",
author = "C. Qu and L. Pitaevskii and S. Stringari",
journal = "ArXiV",
year = "2016"}