@FOOTNOTE{Note1,key="Note1",note="variation over the data presented here. Min value $3 \cdot 10^{5}$ max $8 \cdot 10^{5}$"}
